@misc{gregory2024ginet,
      title={Equivariant geometric convolutions for emulation of dynamical systems}, 
      author={Wilson G. Gregory and David W. Hogg and Ben Blum-Smith and Maria Teresa Arias and Kaze W. K. Wong and Soledad Villar},
      year={2024},
      eprint={2305.12585},
      archivePrefix={arXiv},
      primaryClass={cs.LG},
      url={https://arxiv.org/abs/2305.12585}, 
}

@software{jax2018github,
  author = {James Bradbury and Roy Frostig and Peter Hawkins and Matthew James Johnson and Chris Leary and Dougal Maclaurin and George Necula and Adam Paszke and Jake Vander{P}las and Skye Wanderman-{M}ilne and Qiao Zhang},
  title = {{JAX}: composable transformations of {P}ython+{N}um{P}y programs},
  url = {http://github.com/jax-ml/jax},
  version = {0.3.13},
  year = {2018},
}

@misc{cohen2016steerablecnns,
      title={Steerable CNNs}, 
      author={Taco S. Cohen and Max Welling},
      year={2016},
      eprint={1612.08498},
      archivePrefix={arXiv},
      primaryClass={cs.LG},
      url={https://arxiv.org/abs/1612.08498}, 
}

@misc{weiler2021steerable,
      title={General $E(2)$-Equivariant Steerable CNNs}, 
      author={Maurice Weiler and Gabriele Cesa},
      year={2021},
      eprint={1911.08251},
      archivePrefix={arXiv},
      primaryClass={cs.CV},
      url={https://arxiv.org/abs/1911.08251}, 
}

@misc{brandstetter2023clifford,
      title={Clifford Neural Layers for PDE Modeling}, 
      author={Johannes Brandstetter and Rianne van den Berg and Max Welling and Jayesh K. Gupta},
      year={2023},
      eprint={2209.04934},
      archivePrefix={arXiv},
      primaryClass={cs.LG},
      url={https://arxiv.org/abs/2209.04934}, 
}

@article{lecun1989backpropagation,
	Author = {LeCun, Yann and Boser, Bernhard and Denker, John S and Henderson, Donnie and Howard, Richard E and Hubbard, Wayne and Jackel, Lawrence D},
	Journal = {Neural Computation},
	Number = {4},
	Pages = {541--551},
	Publisher = {MIT Press},
	Title = {Backpropagation applied to handwritten zip code recognition},
	Volume = {1},
	Year = {1989}}

@article{kidger2021equinox,
    author={Patrick Kidger and Cristian Garcia},
    title={{E}quinox: neural networks in {JAX} via callable {P}y{T}rees and filtered transformations},
    year={2021},
    journal={Differentiable Programming workshop at Neural Information Processing Systems 2021}
}

@software{deepmind2020jax,
  title = {The {D}eep{M}ind {JAX} {E}cosystem},
  author = {DeepMind and Babuschkin, Igor and Baumli, Kate and Bell, Alison and Bhupatiraju, Surya and Bruce, Jake and Buchlovsky, Peter and Budden, David and Cai, Trevor and Clark, Aidan and Danihelka, Ivo and Dedieu, Antoine and Fantacci, Claudio and Godwin, Jonathan and Jones, Chris and Hemsley, Ross and Hennigan, Tom and Hessel, Matteo and Hou, Shaobo and Kapturowski, Steven and Keck, Thomas and Kemaev, Iurii and King, Michael and Kunesch, Markus and Martens, Lena and Merzic, Hamza and Mikulik, Vladimir and Norman, Tamara and Papamakarios, George and Quan, John and Ring, Roman and Ruiz, Francisco and Sanchez, Alvaro and Sartran, Laurent and Schneider, Rosalia and Sezener, Eren and Spencer, Stephen and Srinivasan, Srivatsan and Stanojevi\'{c}, Milo\v{s} and Stokowiec, Wojciech and Wang, Luyu and Zhou, Guangyao and Viola, Fabio},
  url = {http://github.com/google-deepmind},
  year = {2020},
}